@Manual{R-base,
  title = {R: A Language and Environment for Statistical Computing},
  author = {{R Core Team}},
  organization = {R Foundation for Statistical Computing},
  address = {Vienna, Austria},
  year = {2022},
  url = {https://www.R-project.org/},
}

@Manual{R-bib2df,
  title = {bib2df: Parse a BibTeX File to a Data Frame},
  author = {Philipp Ottolinger},
  note = {https://docs.ropensci.org/bib2df},
  year = {2023},
}

@Manual{R-broom,
  title = {broom: Convert Statistical Objects into Tidy Tibbles},
  author = {David Robinson and Alex Hayes and Simon Couch},
  year = {2023},
  note = {R package version 1.0.3},
  url = {https://CRAN.R-project.org/package=broom},
}

@Manual{R-bs4Dash,
  title = {bs4Dash: A Bootstrap 4 Version of shinydashboard},
  author = {David Granjon},
  year = {2022},
  note = {R package version 2.2.1},
  url = {https://CRAN.R-project.org/package=bs4Dash},
}

@Manual{R-clustermq,
  title = {clustermq: Evaluate Function Calls on HPC Schedulers (LSF, SGE, SLURM,
PBS/Torque)},
  author = {Michael Schubert},
  year = {2023},
  note = {R package version 0.8.95.4},
  url = {https://mschubert.github.io/clustermq/},
}

@Manual{R-DiagrammeR,
  title = {DiagrammeR: Graph/Network Visualization},
  author = {Richard Iannone},
  year = {2022},
  note = {R package version 1.0.9},
  url = {https://github.com/rich-iannone/DiagrammeR},
}

@Manual{R-distill,
  title = {distill: R Markdown Format for Scientific and Technical Writing},
  author = {Christophe Dervieux and JJ Allaire and Rich Iannone and Alison {Presmanes Hill} and Yihui Xie},
  year = {2022},
  note = {R package version 1.5},
  url = {https://CRAN.R-project.org/package=distill},
}

@Manual{R-dplyr,
  title = {dplyr: A Grammar of Data Manipulation},
  author = {Hadley Wickham and Romain François and Lionel Henry and Kirill Müller},
  year = {2022},
  note = {R package version 1.0.10},
  url = {https://CRAN.R-project.org/package=dplyr},
}

@Manual{R-DT,
  title = {DT: A Wrapper of the JavaScript Library DataTables},
  author = {Yihui Xie and Joe Cheng and Xianying Tan},
  year = {2023},
  note = {R package version 0.27},
  url = {https://github.com/rstudio/DT},
}

@Manual{R-emojifont,
  title = {emojifont: Emoji and Font Awesome in Graphics},
  author = {Guangchuang Yu},
  year = {2021},
  note = {R package version 0.5.5},
  url = {https://github.com/GuangchuangYu/emojifont},
}

@Manual{R-esc,
  title = {esc: Effect Size Computation for Meta Analysis},
  author = {Daniel Lüdecke},
  year = {2019},
  note = {R package version 0.5.1},
  url = {https://strengejacke.github.io/esc},
}

@Manual{R-forcats,
  title = {forcats: Tools for Working with Categorical Variables (Factors)},
  author = {Hadley Wickham},
  year = {2022},
  note = {R package version 0.5.2},
  url = {https://CRAN.R-project.org/package=forcats},
}

@Manual{R-future,
  title = {future: Unified Parallel and Distributed Processing in R for Everyone},
  author = {Henrik Bengtsson},
  year = {2022},
  note = {R package version 1.30.0},
  url = {https://CRAN.R-project.org/package=future},
}

@Manual{R-ggh4x,
  title = {ggh4x: Hacks for ggplot2},
  author = {Teun {van den Brand}},
  year = {2022},
  note = {R package version 0.2.3},
  url = {https://CRAN.R-project.org/package=ggh4x},
}

@Manual{R-ggplot2,
  title = {ggplot2: Create Elegant Data Visualisations Using the Grammar of Graphics},
  author = {Hadley Wickham and Winston Chang and Lionel Henry and Thomas Lin Pedersen and Kohske Takahashi and Claus Wilke and Kara Woo and Hiroaki Yutani and Dewey Dunnington},
  year = {2022},
  note = {R package version 3.4.0},
  url = {https://CRAN.R-project.org/package=ggplot2},
}

@Manual{R-ggtext,
  title = {ggtext: Improved Text Rendering Support for ggplot2},
  author = {Claus O. Wilke and Brenton M. Wiernik},
  year = {2022},
  note = {R package version 0.1.2},
  url = {https://wilkelab.org/ggtext/},
}

@Manual{R-gt,
  title = {gt: Easily Create Presentation-Ready Display Tables},
  author = {Richard Iannone and Joe Cheng and Barret Schloerke and Ellis Hughes and JooYoung Seo},
  year = {2022},
  note = {R package version 0.8.0},
  url = {https://CRAN.R-project.org/package=gt},
}

@Manual{R-here,
  title = {here: A Simpler Way to Find Your Files},
  author = {Kirill Müller},
  year = {2020},
  note = {R package version 1.0.1},
  url = {https://CRAN.R-project.org/package=here},
}

@Manual{R-janitor,
  title = {janitor: Simple Tools for Examining and Cleaning Dirty Data},
  author = {Sam Firke},
  year = {2021},
  note = {R package version 2.1.0},
  url = {https://github.com/sfirke/janitor},
}

@Manual{R-kableExtra,
  title = {kableExtra: Construct Complex Table with kable and Pipe Syntax},
  author = {Hao Zhu},
  year = {2021},
  note = {R package version 1.3.4},
  url = {https://CRAN.R-project.org/package=kableExtra},
}

@Manual{R-knitr,
  title = {knitr: A General-Purpose Package for Dynamic Report Generation in R},
  author = {Yihui Xie},
  year = {2023},
  note = {R package version 1.42},
  url = {https://yihui.org/knitr/},
}

@Manual{R-magick,
  title = {magick: Advanced Graphics and Image-Processing in R},
  author = {Jeroen Ooms},
  year = {2021},
  note = {R package version 2.7.3},
  url = {https://CRAN.R-project.org/package=magick},
}

@Manual{R-magrittr,
  title = {magrittr: A Forward-Pipe Operator for R},
  author = {Stefan Milton Bache and Hadley Wickham},
  year = {2022},
  note = {R package version 2.0.3},
  url = {https://CRAN.R-project.org/package=magrittr},
}

@Manual{R-markdown,
  title = {markdown: Render Markdown with commonmark},
  author = {JJ Allaire and Jeffrey Horner and Yihui Xie},
  year = {2022},
  note = {R package version 1.4},
  url = {https://github.com/rstudio/markdown},
}

@Manual{R-Matrix,
  title = {Matrix: Sparse and Dense Matrix Classes and Methods},
  author = {Douglas Bates and Martin Maechler and Mikael Jagan},
  year = {2022},
  note = {R package version 1.5-3},
  url = {https://CRAN.R-project.org/package=Matrix},
}

@Manual{R-metadat,
  title = {metadat: Meta-Analysis Datasets},
  author = {Thomas White and Daniel Noble and Alistair Senior and W. Kyle Hamilton and Wolfgang Viechtbauer},
  year = {2022},
  note = {R package version 1.2-0},
  url = {https://github.com/wviechtb/metadat},
}

@Manual{R-metafor,
  title = {metafor: Meta-Analysis Package for R},
  author = {Wolfgang Viechtbauer},
  year = {2022},
  note = {R package version 3.8-1},
  url = {https://CRAN.R-project.org/package=metafor},
}

@Manual{R-papaja,
  title = {papaja: Prepare American Psychological Association Journal Articles with
R Markdown},
  author = {Frederik Aust and Marius Barth},
  year = {2022},
  note = {R package version 0.1.1.9001},
  url = {https://github.com/crsh/papaja},
}

@Manual{R-pingr,
  title = {pingr: Check if a Remote Computer is Up},
  author = {Gábor Csárdi},
  year = {2022},
  note = {R package version 2.0.2},
  url = {https://github.com/r-lib/pingr#readme},
}

@Manual{R-purrr,
  title = {purrr: Functional Programming Tools},
  author = {Hadley Wickham and Lionel Henry},
  year = {2023},
  note = {R package version 1.0.1},
  url = {https://CRAN.R-project.org/package=purrr},
}

@Manual{R-readr,
  title = {readr: Read Rectangular Text Data},
  author = {Hadley Wickham and Jim Hester and Jennifer Bryan},
  year = {2023},
  note = {R package version 2.1.4},
  url = {https://CRAN.R-project.org/package=readr},
}

@Manual{R-rstudioapi,
  title = {rstudioapi: Safely Access the RStudio API},
  author = {Kevin Ushey and JJ Allaire and Hadley Wickham and Gary Ritchie},
  year = {2022},
  note = {R package version 0.14},
  url = {https://CRAN.R-project.org/package=rstudioapi},
}

@Manual{R-scales,
  title = {scales: Scale Functions for Visualization},
  author = {Hadley Wickham and Dana Seidel},
  year = {2022},
  note = {R package version 1.2.1},
  url = {https://CRAN.R-project.org/package=scales},
}

@Manual{R-shiny,
  title = {shiny: Web Application Framework for R},
  author = {Winston Chang and Joe Cheng and JJ Allaire and Carson Sievert and Barret Schloerke and Yihui Xie and Jeff Allen and Jonathan McPherson and Alan Dipert and Barbara Borges},
  year = {2022},
  note = {R package version 1.7.4},
  url = {https://shiny.rstudio.com/},
}

@Manual{R-shinybusy,
  title = {shinybusy: Busy Indicators and Notifications for Shiny Applications},
  author = {Fanny Meyer and Victor Perrier},
  year = {2022},
  note = {R package version 0.3.1},
  url = {https://github.com/dreamRs/shinybusy},
}

@Manual{R-shinyWidgets,
  title = {shinyWidgets: Custom Inputs Widgets for Shiny},
  author = {Victor Perrier and Fanny Meyer and David Granjon},
  year = {2023},
  note = {R package version 0.7.6},
  url = {https://CRAN.R-project.org/package=shinyWidgets},
}

@Manual{R-stringr,
  title = {stringr: Simple, Consistent Wrappers for Common String Operations},
  author = {Hadley Wickham},
  year = {2022},
  note = {R package version 1.5.0},
  url = {https://CRAN.R-project.org/package=stringr},
}

@Manual{R-tarchetypes,
  title = {tarchetypes: Archetypes for Targets},
  author = {William Michael Landau},
  year = {2023},
  note = {R package version 0.7.4},
  url = {https://CRAN.R-project.org/package=tarchetypes},
}

@Manual{R-targets,
  title = {targets: Dynamic Function-Oriented Make-Like Declarative Pipelines},
  author = {William Michael Landau},
  year = {2023},
  note = {R package version 0.14.2},
  url = {https://CRAN.R-project.org/package=targets},
}

@Manual{R-tibble,
  title = {tibble: Simple Data Frames},
  author = {Kirill Müller and Hadley Wickham},
  year = {2022},
  note = {R package version 3.1.8},
  url = {https://CRAN.R-project.org/package=tibble},
}

@Manual{R-tidyMB,
  title = {tidyMB: Functions to Improve Workflow for Motivation and Behaviour Research},
  author = {Philip Parker and Taren Sanders and Michael Noetel and James Conigrave},
  note = {R package version 0.0.1.9000},
  url = {https://github.com/Motivation-and-Behaviour/tidyMB},
  year = {2023},
}

@Manual{R-tidyr,
  title = {tidyr: Tidy Messy Data},
  author = {Hadley Wickham and Davis Vaughan and Maximilian Girlich},
  year = {2023},
  note = {R package version 1.3.0},
  url = {https://CRAN.R-project.org/package=tidyr},
}

@Manual{R-tidyverse,
  title = {tidyverse: Easily Install and Load the Tidyverse},
  author = {Hadley Wickham},
  year = {2022},
  note = {R package version 1.3.2},
  url = {https://CRAN.R-project.org/package=tidyverse},
}

@Manual{R-tinylabels,
  title = {tinylabels: Lightweight Variable Labels},
  author = {Marius Barth},
  year = {2022},
  note = {R package version 0.2.3},
  url = {https://github.com/mariusbarth/tinylabels},
}

@Manual{R-visNetwork,
  title = {visNetwork: Network Visualization using vis.js Library},
  author = {{Almende B.V. and Contributors} and Benoit Thieurmel},
  year = {2022},
  note = {R package version 2.1.2},
  url = {https://datastorm-open.github.io/visNetwork/},
}

@Manual{R-xfun,
  title = {xfun: Supporting Functions for Packages Maintained by Yihui Xie},
  author = {Yihui Xie},
  year = {2023},
  note = {R package version 0.37},
  url = {https://github.com/yihui/xfun},
}

@Manual{esc2019,
  title = {esc: Effect Size Computation for Meta Analysis (Version 0.5.1)},
  author = {Daniel Lüdecke},
  year = {2019},
  url = {https://CRAN.R-project.org/package=esc},
  doi = {10.5281/zenodo.1249218},
}

@Article{RJ-2021-048,
  author = {Henrik Bengtsson},
  title = {A Unifying Framework for Parallel and Distributed Processing in R using Futures},
  year = {2021},
  journal = {The R Journal},
  doi = {10.32614/RJ-2021-048},
  url = {https://doi.org/10.32614/RJ-2021-048},
  pages = {208--227},
  volume = {13},
  number = {2},
}

@Book{ggplot22016,
  author = {Hadley Wickham},
  title = {ggplot2: Elegant Graphics for Data Analysis},
  publisher = {Springer-Verlag New York},
  year = {2016},
  isbn = {978-3-319-24277-4},
  url = {https://ggplot2.tidyverse.org},
}

@Book{knitr2015,
  title = {Dynamic Documents with {R} and knitr},
  author = {Yihui Xie},
  publisher = {Chapman and Hall/CRC},
  address = {Boca Raton, Florida},
  year = {2015},
  edition = {2nd},
  note = {ISBN 978-1498716963},
  url = {https://yihui.org/knitr/},
}

@InCollection{knitr2014,
  booktitle = {Implementing Reproducible Computational Research},
  editor = {Victoria Stodden and Friedrich Leisch and Roger D. Peng},
  title = {knitr: A Comprehensive Tool for Reproducible Research in {R}},
  author = {Yihui Xie},
  publisher = {Chapman and Hall/CRC},
  year = {2014},
  note = {ISBN 978-1466561595},
}

@Article{metafor2010,
  title = {Conducting meta-analyses in {R} with the {metafor} package},
  author = {Wolfgang Viechtbauer},
  journal = {Journal of Statistical Software},
  year = {2010},
  volume = {36},
  number = {3},
  pages = {1--48},
  url = {https://doi.org/10.18637/jss.v036.i03},
}

@Manual{tarchetypes2021,
  title = {tarchetypes: Archetypes for Targets},
  author = {William Michael Landau},
  year = {2021},
  note = {{https://docs.ropensci.org/tarchetypes/, https://github.com/ropensci/tarchetypes}},
}

@Article{targets2021,
  title = {The targets R package: a dynamic Make-like function-oriented pipeline toolkit for reproducibility and high-performance computing},
  author = {William Michael Landau},
  journal = {Journal of Open Source Software},
  year = {2021},
  volume = {6},
  number = {57},
  pages = {2959},
  url = {https://doi.org/10.21105/joss.02959},
}

@Article{tidyverse2019,
  title = {Welcome to the {tidyverse}},
  author = {Hadley Wickham and Mara Averick and Jennifer Bryan and Winston Chang and Lucy D'Agostino McGowan and Romain François and Garrett Grolemund and Alex Hayes and Lionel Henry and Jim Hester and Max Kuhn and Thomas Lin Pedersen and Evan Miller and Stephan Milton Bache and Kirill Müller and Jeroen Ooms and David Robinson and Dana Paige Seidel and Vitalie Spinu and Kohske Takahashi and Davis Vaughan and Claus Wilke and Kara Woo and Hiroaki Yutani},
  year = {2019},
  journal = {Journal of Open Source Software},
  volume = {4},
  number = {43},
  pages = {1686},
  doi = {10.21105/joss.01686},
}

